%%%%%%%%%%%%%%%%%%%%%%%%%%%%%%%%%%%%%%%%%%%%%%%%%%%%%%%%%%%
% BIB FILE WITH SOME EXAMPLES OF DISTINC PUBLICATON TYPES %
%%%%%%%%%%%%%%%%%%%%%%%%%%%%%%%%%%%%%%%%%%%%%%%%%%%%%%%%%%%
%%% EUSFLAT 2021 EUSFLAT 2021 EUSFLAT 2021 EUSFLAT 2021 %%%
%%%%%%%%%%%%%%%%%%%%%%%%%%%%%%%%%%%%%%%%%%%%%%%%%%%%%%%%%%%

@inproceedings{ag-op-2021,
  title={Aggregation Operators for Comparative Possibility Distributions and Their Role in Group Decision Making},
  author={Andrey Zubyuk and Egor Fadeev},
  year={2021},
%   booktitle={Joint Proceedings of the 19th World Congress of the International Fuzzy Systems Association (IFSA), the 12th Conference of the European Society for Fuzzy Logic and Technology (EUSFLAT), and the 11th International Summer School on Aggregation Operators (AGOP)},
  booktitle={The 12th Conference of the European Society for Fuzzy Logic and Technology (EUSFLAT)},
  pages={608-615},
  issn={2589-6644},
%   isbn={978-94-6239-423-0},
%   url={https://doi.org/10.2991/asum.k.210827.082},
  doi={https://doi.org/10.2991/asum.k.210827.082},
%   publisher={Atlantis Press}
}

@article{zubyuk-fss-2018,
    title = {A new approach to specificity in possibility theory: Decision-making point of view},
    journal = {Fuzzy Sets and Systems},
    volume = {364},
    pages = {76-95},
    year = {2019},
    doi = {https://doi.org/10.1016/j.fss.2018.06.017},
    author = {A. Zubyuk}
}
@inproceedings{zubyuk-linz-2019,
    author = {A. Zubyuk},
    title = {The decision-making driven approach to specificity of possibilities in the Savage-style setting},
    booktitle = {38th Linz Seminar on Fuzzy Set Theory LINZ-2019: Set Functions in Games and Decisions. Abstracts},
    year = {2019},
    pages = {100--103},
    publisher = {Johannes Kepler University Linz, Austria}
}
@book{savage-1972,
    author = {L.J. Savage},
    title = {The Foundations of Statistics},
    publisher = {Dover},
    address = {New York},
    year = {1972}
}
@article{lewis-1973,
    author = {Lewis, David},
    year = {1973},
    title = {Counterfactuals and comparative possibility},
    journal = {Journal of Philosophical Logic},
    volume = {2},
    number = {4},
    pages = {418--446}
}
@article{dubois86-CompPoss,
    author = {Didier Dubois},
    title = {Belief structures, possibility theory and decomposable confidence measures on finite sets},
    journal = {Computers and Artificial Intelligence},
    address = {Bratislava},
    volume = {5},
    number = {5},
    pages = {403--416},
    year = {1986}
}
@inproceedings{dubois-cp_orderings-1997,
    title = {Decision-making Under Ordinal Preferences and Uncertainty}, 
    author = {D. Duboi and H. Fargier and H. Prade},
    booktitle = {Proc. of the 13th Conf. on Uncertainty in AI.},
    year = {1997},
    pages = {157--154},
    publisher = {Providence, RI, Morgan \& Kaufmann, San Francisco, CA}
}
@article{benferhat-1999,
    author = {S. Benferhat and D. Dubois and H. Prade},
    title = {Possibilistic and standard probabilistic semantics of conditional knowledge bases},
    journal = {J. Logic Comput.},
    volume = {9},
    number = {6},
    year = {1999},
    pages = {873--895}
}

@article{pytyev-poss_in_patrec-i,
    author={Pyt'ev, {\relax Yu}. P.},
    title={Methods of the Theory of Possibilities in the Problems of Optimal Estimation and Decision Making, Part 1},
    subtitle={Measures of Possibilitiy and Necessity and Integration with respect to Possibility and Necessity},
    journal={Pattern Recognition and Image Analysis},
    year=1997,
    volume=7,
    number=3,
    pages={338--346}
}
@article{pytyev-poss_in_patrec-ii,
    author="Pyt'ev, {\relax Yu}. P.",
    title="Methods of the Theory of Possibilities in the Problems of Optimal Estimation and Decision Making, Part 2",
    subtitle="Independence and Conditional Possibility and Necessity",
    journal="Pattern Recognition and Image Analysis",
    year="1998",
    volume="8",
    number="1",
    pages="1--7"
}
@article{pytyev-poss_in_patrec-iii,
    author = "Pyt'ev, {\relax Yu}. P.",
    title = "Methods of the Theory of Possibilities in the Problems of Optimal Estimation and Decision Making, Part 3",
    subtitle = "Fuzzy Elements, Independence, Conditional distributions, and Optimal estimation",
    journal = "Pattern Recognition and Image Analysis",
    year = "1999",
    volume = "9",
    number = "3",
    pages = "416--426"
}
@article{pytyev-poss_in_patrec-iv,
    author = "Pyt'ev, {\relax Yu}. P.",
    title = "The Methods of the Possibility Theory in the Problems of Optimal Estimation and Decision Making, Part 4",
    subtitle = "The Methods of Measurement Reduction. The Principle of Relativity in the Possibility Theory",
    journal = "Pattern Recognition and Image Analysis",
    year = "2000",
    volume = "10",
    number = "1",
    pages = "43--52"
}
@article{pytyev-poss_in_patrec-v,
    author = "Pyt'ev, {\relax Yu}. P.",
    title = "The Method of the Possibility Theory in the Problems of Optimal Estimation and Decision Making, Part 5",
    subtitle = "The Possibility-Theory Methods of Measurement Reduction of Measurement of Fuzzy Sets",
    journal = "Pattern Recognition and Image Analysis",
    year = "2000",
    volume = "10",
    number = "4",
    pages = "447--459"
}
@article{pytyev-poss_in_patrec-vi,
    author = "Pyt'ev, {\relax Yu}. P.",
    title = "The Method of the Possibility Theory in the Problems of Optimal Estimation and Decision Making, Part 6",
    subtitle = "Fuzzy Sets. Independence. P-completion. Methods for Estimation Fuzzy Sets and Their Parameters",
    journal = "Pattern Recognition and Image Analysis",
    year = "2002",
    volume = "12",
    number = "2",
    pages = "107--115"
}

@BOOK{pytev-poss-textbook-main,
  title = {Возможность. Элементы теории и применения.},
  publisher = {Эдиториал УРСС, М.:},
  year = {2000},
  author = "Пытьев, {\relax Ю}. П.",
}

@article{feller,
    author = "W. Feller",
    title = " An introduction to probability theory and its applications",
    journal = "Academic Press",
    year = "1950",
    volume = "2",
}

@article{pyt2007possibility,
  title={Possibility as an Alternative to Probability},
  author={Pyt’ev, Yu P},
  journal={Mathematical and Empirical Foundations, Applications},
  year={2007}
}

@article{pyt2002stochastic,
  title={Stochastic models of possibility},
  author={Pyt'ev, Yurii P},
  journal={Pattern Recognition and Image Analysis (Advances in Mathematical Theory and Applications)},
  volume={12},
  number={4},
  pages={376--396},
  year={2002},
  publisher={Pleiades Publishing, Ltd.(Плеадес Паблишинг, Лтд)}
}

% @inproceedings{Fishburn1986TheAO,
%   title={The Axioms of Subjective Probability},
%   author={Peter C. Fishburn},
%   journal={Stat. Sci.}
%   year={1986},
%   volume={1},
%   number={3},
%   pages={335--345},
% }

% @article{choquet,
%      author = {Choquet, Gustave},
%      title = {Theory of capacities},
%      journal = {Annales de l'Institut Fourier},
%      pages = {131--295},
%      publisher = {Imprimerie Durand},
%      address = {28 - Luisant},
%      volume = {5},
%      year = {1954},
%      doi = {10.5802/aif.53},
%      mrnumber = {18,295g},
%      zbl = {0064.35101},
%      language = {en},
%      url = {https://aif.centre-mersenne.org/articles/10.5802/aif.53/}
% }

@book{dubois1980fuzzy,
  title={Fuzzy sets and systems: theory and applications},
  author={Dubois, Didier J},
  volume={144},
  year={1980},
  publisher={Academic press}
}


